@book{russell2010,
    place={New Jersey},
    edition={3rd},
    title={Artificial Intelligence: A Modern Approach},
    publisher={Pearson},
    author={Russell, Stuart and Norvig, Peter},
    year={2010}
}

@book{burkov2019,
    place={Quebec, Canada},
    title={The Hundred-Page Machine Learning Book},
    publisher={Andriy Burkov},
    author={Burkov, Andriy},
    year={2019}
}