@misc{adam,
Author = {Diederik P. Kingma and Jimmy Ba},
Title = {Adam: A Method for Stochastic Optimization},
Year = {2014},
Eprint = {arXiv:1412.6980},
}